@article{Dufaux:2007pt,
      author         = "Dufaux, Jean Francois and Bergman, Amanda and Felder,
                        Gary N. and Kofman, Lev and Uzan, Jean-Philippe",
      title          = "{Theory and Numerics of Gravitational Waves from
                        Preheating after Inflation}",
      journal        = "Phys. Rev.",
      volume         = "D76",
      year           = "2007",
      pages          = "123517",
      doi            = "10.1103/PhysRevD.76.123517",
      eprint         = "0707.0875",
      archivePrefix  = "arXiv",
      primaryClass   = "astro-ph",
      SLACcitation   = "%%CITATION = ARXIV:0707.0875;%%"
}